@electronic{arduino,
	URL = {https://www.arduino.cc/},
	AUTHOR = {Interaction Design Institute Ivrea and others},
	TITLE = {Arduino: Open-source electronic prototyping platform},
	ADDRESS = {Ivrea, Italy}
}

@article{FFT,
 ISSN = {00255718, 10886842},
 doi = {10.2307/2003354},
 URL = {http://www.jstor.org/stable/2003354},
 author = {James W. Cooley and John W. Tukey},
 journal = {Mathematics of Computation},
 number = {90},
 pages = {297--301},
 publisher = {American Mathematical Society},
 title = {An Algorithm for the Machine Calculation of Complex Fourier Series},
 volume = {19},
 year = {1965}
}

@article{scipy,
       author = {{Virtanen}, Pauli and {Gommers}, Ralf and {Oliphant},
         Travis E. and {Haberland}, Matt and {Reddy}, Tyler and
         {Cournapeau}, David and {Burovski}, Evgeni and {Peterson}, Pearu
         and {Weckesser}, Warren and {Bright}, Jonathan and {van der Walt},
         St{\'e}fan J.  and {Brett}, Matthew and {Wilson}, Joshua and
         {Jarrod Millman}, K.  and {Mayorov}, Nikolay and {Nelson}, Andrew
         R.~J. and {Jones}, Eric and {Kern}, Robert and {Larson}, Eric and
         {Carey}, CJ and {Polat}, {\.I}lhan and {Feng}, Yu and {Moore},
         Eric W. and {Vand erPlas}, Jake and {Laxalde}, Denis and
         {Perktold}, Josef and {Cimrman}, Robert and {Henriksen}, Ian and
         {Quintero}, E.~A. and {Harris}, Charles R and {Archibald}, Anne M.
         and {Ribeiro}, Ant{\^o}nio H. and {Pedregosa}, Fabian and
         {van Mulbregt}, Paul and {Contributors}, SciPy 1. 0},
        title = "{SciPy 1.0--Fundamental Algorithms for Scientific
                  Computing in Python}",
      journal = {arXiv e-prints},
         year = "2019",
        month = "Jul",
          eid = {arXiv:1907.10121},
        pages = {arXiv:1907.10121},
archivePrefix = {arXiv},
       eprint = {1907.10121},
 primaryClass = {cs.MS},
       adsurl = {https://ui.adsabs.harvard.edu/abs/2019arXiv190710121V},
      adsnote = {Provided by the SAO/NASA Astrophysics Data System}
}

@book{numpy,
  author =    {Oliphant, Travis E.},
  title =     {A guide to {NumPy}},
  year =      {2006--},
  month = {01},
  howpublished = {USA: Trelgol Publishing},
  url = "http://www.numpy.org/"
 }